
@article{greene2001,
   author = {Greene, Correigh M. and Stamps, Judy A.},
   title = {Habitat Selection at low population densities},
   journal = {Ecology},
   volume = {82},
   pages = {2091--2100},
   year = {2001},
   keywords = {Ideal Free Distribution; Mathemathical Model; Behavioral Ecology}
}


